%% This BibTeX bibliography file was created using BibDesk.
%% http://bibdesk.sourceforge.net/

%% Created for Marco Del Tutto at 2018-04-23 16:06:24 -0500 


%% Saved with string encoding Unicode (UTF-8) 



@techreport{ccinc,
	Author = {Marco Del Tutto and Anne Schukraft},
	Date-Added = {2018-04-23 21:00:27 +0000},
	Date-Modified = {2018-04-23 21:06:24 +0000},
	Title = {NuMu CC Inclusive Analysis - Internal Note},
	Type = {MicroBooNE docdb 14937},
	Url = {https://microboone-docdb.fnal.gov/cgi-bin/private/ShowDocument?docid=14937},
	Year = {2018}}
